<record><leader>00000cas a22000007a 4500</leader><controlfield tag="001">20880675</controlfield><controlfield tag="008">900112d1891189umouwr ne      0    0eng d</controlfield><datafield ind1=" " ind2=" " tag="010"><subfield code="a">sn 90061110 </subfield></datafield><datafield ind1=" " ind2=" " tag="040"><subfield code="a">MQN</subfield><subfield code="b">eng</subfield><subfield code="c">MQN</subfield><subfield code="d">OCLCQ</subfield></datafield><datafield ind1="0" ind2=" " tag="130"><subfield code="a">Green City press (Green City, Mo. : 1891)</subfield></datafield><datafield ind1="1" ind2="0" tag="245"><subfield code="a">Green City press.</subfield></datafield><datafield ind1=" " ind2=" " tag="260"><subfield code="a">Green City, Sullivan County, Mo. :</subfield><subfield code="b">Blanche Briggs</subfield></datafield><datafield ind1=" " ind2=" " tag="300"><subfield code="a">v.</subfield></datafield><datafield ind1=" " ind2=" " tag="310"><subfield code="a">Weekly</subfield></datafield><datafield ind1="1" ind2=" " tag="362"><subfield code="a">Began in 1891?</subfield></datafield><datafield ind1=" " ind2=" " tag="588"><subfield code="a">Description based on: Vol. 5, no. 48 (Oct. 9, 1896).</subfield></datafield><datafield ind1=" " ind2=" " tag="752"><subfield code="a">United States</subfield><subfield code="b">Missouri</subfield><subfield code="c">Sullivan</subfield><subfield code="d">Green City.</subfield></datafield></record>